<record xmlns="http://www.loc.gov/MARC21/slim" xmlns:xsi="http://www.w3.org/2001/XMLSchema-instance" xsi:schemaLocation="http://www.loc.gov/MARC21/slim http://www.loc.gov/standards/marcxml/schema/MARC21slim.xsd"><leader>00504cz   2200181n  4500</leader><controlfield tag="001">oca00501568 </controlfield><controlfield tag="005">20020628033156.0</controlfield><controlfield tag="008">800921n| acannaab           |a aaa      </controlfield><datafield ind1=" " ind2=" " tag="010"><subfield code="a">n  80120984 </subfield></datafield><datafield ind1=" " ind2=" " tag="040"><subfield code="a">DLC</subfield><subfield code="c">DLC</subfield><subfield code="d">DLC</subfield><subfield code="d">DLC-R</subfield></datafield><datafield ind1="0" ind2=" " tag="100"><subfield code="a">Gaius</subfield></datafield><datafield ind1="0" ind2=" " tag="400"><subfield code="a">Gaio</subfield></datafield><datafield ind1="0" ind2=" " tag="400"><subfield code="a">Gayo</subfield></datafield><datafield ind1="0" ind2=" " tag="400"><subfield code="a">Gajus</subfield></datafield><datafield ind1="0" ind2=" " tag="400"><subfield code="a">Gaiyousi</subfield></datafield><datafield ind1=" " ind2=" " tag="670"><subfield code="a">Taschenwörterbuch zum Corpus juris civilis, den Institutionen des Gajus ... 1971.</subfield></datafield><datafield ind1=" " ind2=" " tag="670"><subfield code="a">Fa xue jie ti, 1996:</subfield><subfield code="b">t.p. (Gaiyousi [Chi. r.])</subfield></datafield><datafield ind1=" " ind2=" " tag="678"><subfield code="a">ca.110-ca.180</subfield></datafield></record>